@INPROCEEDINGS{Peters2006:Robotics, 
author={Peters, J. and Schaal, S.}, 
booktitle={Intelligent Robots and Systems, 2006 IEEE/RSJ International Conference on}, 
title={Policy Gradient Methods for Robotics}, 
year={2006}, 
month={Oct}, 
pages={2219-2225}, 
keywords={gradient methods;humanoid robots;learning (artificial intelligence);legged locomotion;manipulators;anthropomorphic arm;humanoid robots;legged robots;manipulator;motor skills;policy gradient method;reinforcement learning;Anthropomorphism;Gradient methods;Humanoid robots;Intelligent robots;Learning;Optimal control;Orbital robotics;Probability distribution;Robot control;USA Councils}, 
doi={10.1109/IROS.2006.282564},}